% References

% Books
@BOOK{IQC,
	title = "Ideas of Quantum Chemistry",
	author = "L. Piela",
	publisher = "Elsevier",
	address = "USA",
	edition = "second",
	year = "2014",
}

@BOOK{MQC,
	title = "Modern Quantum Chemistry",
	author = "A. Szabo and N. S. Ostlund",
	publisher = "Dover Publications",
	address = "USA",
	year = "1996",
}

% Articles
@ARTICLE{ERCMICG,
	author = {S. Obara and A. Saika},
	title = {Efficient recursive computation of molecular integrals over Cartesian Gaussian functions},
	journal = {J. Chem. Phys.},
	year = 1986,
	volume = 84,
	number = 7,
	pages = "3963â€“3974",
}